@misc{ns3_tutorial,
  title = {ns-3 Tutorial — Tutorial},
  url = {https://www.nsnam.org/docs/release/3.46/tutorial/html/index.html},
  urldate = {2025-10-14},
  year = {2019},
  organization = {Nsnam.org}
}

@misc{tp1_repo,
  author = {Josoé Santos Queiroz},
  howpublished = {\url{https://github.com/JosoeSantos/NS3-intruductory-exercises}},
  title = {NS3 introductory exercises},
  year = {2025}
}